<record><leader>00000cas a2200000 a 4500</leader><controlfield tag="001">13346740</controlfield><controlfield tag="008">860326d18691869txudn ne      0    0eng  </controlfield><datafield ind1=" " ind2=" " tag="010"><subfield code="a">sn 86071249 </subfield></datafield><datafield ind1=" " ind2=" " tag="040"><subfield code="a">DLC</subfield><subfield code="b">eng</subfield><subfield code="c">DLC</subfield><subfield code="d">DLC</subfield><subfield code="d">OCLCO</subfield><subfield code="d">OCLCQ</subfield><subfield code="d">OCLCF</subfield><subfield code="d">HUL</subfield></datafield><datafield ind1=" " ind2=" " tag="042"><subfield code="a">pcc</subfield></datafield><datafield ind1=" " ind2=" " tag="043"><subfield code="a">n-us-tx</subfield></datafield><datafield ind1="0" ind2="0" tag="050"><subfield code="a">Newspaper</subfield></datafield><datafield ind1="0" ind2="0" tag="245"><subfield code="a">San Antonio daily express.</subfield></datafield><datafield ind1="1" ind2="3" tag="246"><subfield code="a">Daily express</subfield></datafield><datafield ind1=" " ind2=" " tag="260"><subfield code="a">San Antonio, Tex. :</subfield><subfield code="b">A. Siemering &amp; Co.,</subfield><subfield code="c">1869.</subfield></datafield><datafield ind1=" " ind2=" " tag="300"><subfield code="a">v. :</subfield><subfield code="b">ill. (chiefly advertisements)</subfield></datafield><datafield ind1=" " ind2=" " tag="310"><subfield code="a">Daily (except Monday)</subfield></datafield><datafield ind1="0" ind2=" " tag="362"><subfield code="a">-v. 3, no. 324 (Dec. 31, 1869).</subfield></datafield><datafield ind1=" " ind2=" " tag="500"><subfield code="a">Began sometime between Dec. 11 and Dec. 15, 1869.</subfield></datafield><datafield ind1=" " ind2=" " tag="500"><subfield code="a">"Republican."</subfield></datafield><datafield ind1=" " ind2=" " tag="530"><subfield code="a">Also issued on microfilm from the Library of Congress, Photoduplication Service, and Micro Photo Div., Bell &amp; Howell Co.</subfield></datafield><datafield ind1=" " ind2=" " tag="580"><subfield code="a">Also published in a weekly ed. called: San Antonio express.</subfield></datafield><datafield ind1=" " ind2=" " tag="588"><subfield code="a">Description based on: Vol. 3, no. 311 (Dec. 15, 1869).</subfield></datafield><datafield ind1=" " ind2="0" tag="651"><subfield code="a">San Antonio (Tex.)</subfield><subfield code="v">Newspapers.</subfield></datafield><datafield ind1=" " ind2="7" tag="651"><subfield code="a">Texas</subfield><subfield code="z">San Antonio.</subfield><subfield code="2">fast</subfield><subfield code="0">(OCoLC)fst01205169</subfield></datafield><datafield ind1=" " ind2="7" tag="655"><subfield code="a">Newspapers.</subfield><subfield code="2">fast</subfield><subfield code="0">(OCoLC)fst01423814</subfield></datafield><datafield ind1=" " ind2=" " tag="752"><subfield code="a">United States</subfield><subfield code="b">Texas</subfield><subfield code="c">Bexar</subfield><subfield code="d">San Antonio.</subfield></datafield><datafield ind1="1" ind2=" " tag="775"><subfield code="t">San Antonio express (San Antonio, Tex. : Weekly)</subfield><subfield code="w">(DLC)sn 84022088</subfield><subfield code="w">(OCoLC)10279639</subfield></datafield><datafield ind1="0" ind2="0" tag="780"><subfield code="t">Daily San Antonio express (San Antonio, Tex. : 1869)</subfield><subfield code="w">(DLC)sn 86071248</subfield><subfield code="w">(OCoLC)13346561</subfield></datafield><datafield ind1="0" ind2="0" tag="785"><subfield code="t">Daily express (San Antonio, Tex.)</subfield><subfield code="w">(DLC)sn 84022305</subfield><subfield code="w">(OCoLC)10354305</subfield></datafield><datafield ind1="1" ind2=" " tag="029"><subfield code="a">AU@</subfield><subfield code="b">000022276326</subfield></datafield></record>